<?xml version="1.0" encoding="UTF-8"?><record xmlns="http://www.loc.gov/MARC21/slim" xmlns:cinclude="http://apache.org/cocoon/include/1.0" xmlns:zs="http://www.loc.gov/zing/srw/">
  <leader>00540nz  a2200145n  4500</leader>
  <controlfield tag="001">n 2013054702</controlfield>
  <controlfield tag="003">DLC</controlfield>
  <controlfield tag="005">20130830084454.0</controlfield>
  <controlfield tag="008">130830n| azannaabn          |n aaa      </controlfield>
  <datafield tag="010" ind1=" " ind2=" ">
    <subfield code="a">n 2013054702</subfield>
  </datafield>
  <datafield tag="040" ind1=" " ind2=" ">
    <subfield code="a">DLC</subfield>
    <subfield code="b">eng</subfield>
    <subfield code="c">DLC</subfield>
    <subfield code="e">rda</subfield>
  </datafield>
  <datafield tag="046" ind1=" " ind2=" ">
    <subfield code="f">19560312</subfield>
  </datafield>
  <datafield tag="100" ind1="1" ind2=" ">
    <subfield code="a">Moczo, Peter,</subfield>
    <subfield code="d">1956-</subfield>
  </datafield>
  <datafield tag="373" ind1=" " ind2=" ">
    <subfield code="a">Univerzita KomenskeĚho v Bratislave</subfield>
    <subfield code="2">naf</subfield>
  </datafield>
  <datafield tag="670" ind1=" " ind2=" ">
    <subfield code="a">The finite-difference modelling of earthquake motions, 2014:</subfield>
    <subfield code="b">ECIP t.p. (Peter Moczo, Comenius University, Bratislava and Slovak Academy of Science, Bfatislava) data view (b. March 12, 1956)</subfield>
  </datafield>
</record>